@article {MR3069467,
    AUTHOR = {Artin, Emil and Schreier, Otto},
     TITLE = {Algebraische {K}onstruktion reeller {K}\"{o}rper},
   JOURNAL = {Abh. Math. Sem. Univ. Hamburg},
  FJOURNAL = {Abhandlungen aus dem Mathematischen Seminar der
              Universit\"{a}t Hamburg},
    VOLUME = {5},
      YEAR = {1927},
    NUMBER = {1},
     PAGES = {85--99},
      ISSN = {0025-5858,1865-8784},
   MRCLASS = {99-04},
  MRNUMBER = {3069467},
       DOI = {10.1007/BF02952512},
       URL = {https://doi.org/10.1007/BF02952512},
}

@incollection {MR0403962,
    AUTHOR = {Collins, George E.},
     TITLE = {Quantifier elimination for real closed fields by cylindrical
              algebraic decomposition},
 BOOKTITLE = {Automata theory and formal languages ({S}econd {GI} {C}onf.,
              {K}aiserslautern, 1975)},
    SERIES = {Lecture Notes in Comput. Sci.},
    VOLUME = {Vol. 33},
     PAGES = {134--183},
 PUBLISHER = {Springer, Berlin-New York},
      YEAR = {1975},
   MRCLASS = {02H15 (02J15 12D15 68A20)},
  MRNUMBER = {403962},
MRREVIEWER = {Jo\ Ann\ Howell},
}

@book {MR2248869,
    AUTHOR = {Basu, Saugata and Pollack, Richard and Roy,
              Marie-Fran\c{c}oise},
     TITLE = {Algorithms in real algebraic geometry},
    SERIES = {Algorithms and Computation in Mathematics},
    VOLUME = {10},
   EDITION = {Second},
 PUBLISHER = {Springer-Verlag, Berlin},
      YEAR = {2006},
     PAGES = {x+662},
      ISBN = {978-3-540-33098-1; 3-540-33098-4},
   MRCLASS = {14P10 (03C10 52C45 68Q25 68W30)},
  MRNUMBER = {2248869},
}

@book {MR1659509,
    AUTHOR = {Bochnak, Jacek and Coste, Michel and Roy, Marie-Fran\c{c}oise},
     TITLE = {Real algebraic geometry},
    SERIES = {Ergebnisse der Mathematik und ihrer Grenzgebiete (3) [Results
              in Mathematics and Related Areas (3)]},
    VOLUME = {36},
      NOTE = {Translated from the 1987 French original,
              Revised by the authors},
 PUBLISHER = {Springer-Verlag, Berlin},
      YEAR = {1998},
     PAGES = {x+430},
      ISBN = {3-540-64663-9},
   MRCLASS = {14Pxx (11E25 32C05 58A07)},
  MRNUMBER = {1659509},
MRREVIEWER = {A.\ Tognoli},
       DOI = {10.1007/978-3-662-03718-8},
       URL = {https://doi.org/10.1007/978-3-662-03718-8},
}

@article {MR0764184,
    AUTHOR = {Arnon, Dennis S. and Collins, George E. and McCallum, Scott},
     TITLE = {Cylindrical algebraic decomposition. {I}. {T}he basic
              algorithm},
   JOURNAL = {SIAM J. Comput.},
  FJOURNAL = {SIAM Journal on Computing},
    VOLUME = {13},
      YEAR = {1984},
    NUMBER = {4},
     PAGES = {865--877},
      ISSN = {0097-5397},
   MRCLASS = {68Q20 (03B25 52-04 68U05)},
  MRNUMBER = {764184},
       DOI = {10.1137/0213054},
       URL = {https://doi.org/10.1137/0213054},
}
@book {MR1924282,
    AUTHOR = {Marker, David},
     TITLE = {Model theory},
    SERIES = {Graduate Texts in Mathematics},
    VOLUME = {217},
      NOTE = {An introduction},
 PUBLISHER = {Springer-Verlag, New York},
      YEAR = {2002},
     PAGES = {viii+342},
      ISBN = {0-387-98760-6},
   MRCLASS = {03Cxx (03-01 03-02 20A15)},
  MRNUMBER = {1924282},
MRREVIEWER = {H.\ Dugald\ Macpherson},
}

@book {MR0219380,
    AUTHOR = {Kreisel, G. and Krivine, J.-L.},
     TITLE = {Elements of mathematical logic. {M}odel theory},
    SERIES = {Studies in Logic and the Foundations of Mathematics},
 PUBLISHER = {North-Holland Publishing Co., Amsterdam},
      YEAR = {1967},
     PAGES = {xi+222},
   MRCLASS = {02.00},
  MRNUMBER = {219380},
MRREVIEWER = {J.\ R.\ Shoenfield},
}

@book {MR0044472,
    AUTHOR = {Tarski, Alfred},
     TITLE = {A decision method for elementary algebra and geometry},
      NOTE = {2nd ed},
 PUBLISHER = {University of California Press, Berkeley-Los Angeles, Calif.},
      YEAR = {1951},
     PAGES = {iii+63},
   MRCLASS = {02.0X},
  MRNUMBER = {44472},
}

@book {MR1239443,
    AUTHOR = {Mishra, Bhubaneswar},
     TITLE = {Algorithmic algebra},
    SERIES = {Texts and Monographs in Computer Science},
 PUBLISHER = {Springer-Verlag, New York},
      YEAR = {1993},
     PAGES = {xii+416},
      ISBN = {0-387-94090-1},
   MRCLASS = {68Q40 (12Y05 13P10 14P10)},
  MRNUMBER = {1239443},
MRREVIEWER = {Timothy\ Stokes},
       DOI = {10.1007/978-1-4612-4344-1},
       URL = {https://doi.org/10.1007/978-1-4612-4344-1},
}

@book {C3041,
    AUTHOR = {新井敏康},
     TITLE = {数学基礎論},
    SERIES = {岩波オンデマンドブックス},
 PUBLISHER = {岩波書店, 東京},
      YEAR = {2016},
     PAGES = {xix+536},
      ISBN = {978-4-00-730459-0},
     CCODE = {3041},
}

@article {MR0949113,
    AUTHOR = {Grigor'ev, D. Yu.},
     TITLE = {Complexity of deciding {T}arski algebra},
   JOURNAL = {J. Symbolic Comput.},
  FJOURNAL = {Journal of Symbolic Computation},
    VOLUME = {5},
      YEAR = {1988},
    NUMBER = {1-2},
     PAGES = {65--108},
      ISSN = {0747-7171,1095-855X},
   MRCLASS = {03D15 (03B25 03C10 11Y16)},
  MRNUMBER = {949113},
MRREVIEWER = {Annalisa\ Marcja},
       DOI = {10.1016/S0747-7171(88)80006-3},
       URL = {https://doi.org/10.1016/S0747-7171(88)80006-3},
}

@article {MR1128247,
    AUTHOR = {Collins, George E. and Hong, Hoon},
     TITLE = {Partial cylindrical algebraic decomposition for quantifier
              elimination},
   JOURNAL = {J. Symbolic Comput.},
  FJOURNAL = {Journal of Symbolic Computation},
    VOLUME = {12},
      YEAR = {1991},
    NUMBER = {3},
     PAGES = {299--328},
      ISSN = {0747-7171,1095-855X},
   MRCLASS = {03B35 (03C10 68Q40 68T20)},
  MRNUMBER = {1128247},
MRREVIEWER = {Henry\ Africk},
       DOI = {10.1016/S0747-7171(08)80152-6},
       URL = {https://doi.org/10.1016/S0747-7171(08)80152-6},
}