@article {MR3069467,
    AUTHOR = {Artin, Emil and Schreier, Otto},
     TITLE = {Algebraische {K}onstruktion reeller {K}\"{o}rper},
   JOURNAL = {Abh. Math. Sem. Univ. Hamburg},
  FJOURNAL = {Abhandlungen aus dem Mathematischen Seminar der
              Universit\"{a}t Hamburg},
    VOLUME = {5},
      YEAR = {1927},
    NUMBER = {1},
     PAGES = {85--99},
      ISSN = {0025-5858,1865-8784},
   MRCLASS = {99-04},
  MRNUMBER = {3069467},
       DOI = {10.1007/BF02952512},
       URL = {https://doi.org/10.1007/BF02952512},
}

@incollection {MR0403962,
    AUTHOR = {Collins, George E.},
     TITLE = {Quantifier elimination for real closed fields by cylindrical
              algebraic decomposition},
 BOOKTITLE = {Automata theory and formal languages ({S}econd {GI} {C}onf.,
              {K}aiserslautern, 1975)},
    SERIES = {Lecture Notes in Comput. Sci.},
    VOLUME = {Vol. 33},
     PAGES = {134--183},
 PUBLISHER = {Springer, Berlin-New York},
      YEAR = {1975},
   MRCLASS = {02H15 (02J15 12D15 68A20)},
  MRNUMBER = {403962},
MRREVIEWER = {Jo\ Ann\ Howell},
}

@book {MR2248869,
    AUTHOR = {Basu, Saugata and Pollack, Richard and Roy,
              Marie-Fran\c{c}oise},
     TITLE = {Algorithms in real algebraic geometry},
    SERIES = {Algorithms and Computation in Mathematics},
    VOLUME = {10},
   EDITION = {Second},
 PUBLISHER = {Springer-Verlag, Berlin},
      YEAR = {2006},
     PAGES = {x+662},
      ISBN = {978-3-540-33098-1; 3-540-33098-4},
   MRCLASS = {14P10 (03C10 52C45 68Q25 68W30)},
  MRNUMBER = {2248869},
}

@book {MR1659509,
    AUTHOR = {Bochnak, Jacek and Coste, Michel and Roy, Marie-Fran\c{c}oise},
     TITLE = {Real algebraic geometry},
    SERIES = {Ergebnisse der Mathematik und ihrer Grenzgebiete (3) [Results
              in Mathematics and Related Areas (3)]},
    VOLUME = {36},
      NOTE = {Translated from the 1987 French original,
              Revised by the authors},
 PUBLISHER = {Springer-Verlag, Berlin},
      YEAR = {1998},
     PAGES = {x+430},
      ISBN = {3-540-64663-9},
   MRCLASS = {14Pxx (11E25 32C05 58A07)},
  MRNUMBER = {1659509},
MRREVIEWER = {A.\ Tognoli},
       DOI = {10.1007/978-3-662-03718-8},
       URL = {https://doi.org/10.1007/978-3-662-03718-8},
}